@inproceedings{
    bodnar_rss2020, 
    author    = {Cristian Bodnar AND Adrian  Li AND Karol Hausman AND Peter
                 Pastor AND Mrinal Kalakrishnan}, 
    title     = {Quantile QT-Opt for Risk-Aware Vision-Based Robotic
                 Grasping}, 
    booktitle = {Proc. of Robotics: Science and Systems}, 
    year      = {2020}, 
} 

@article{
    boer_aor2004,
    author = {Pieter-Tjerk de Boer and Dirk P. Kroese and Shie Mannor and Reuven Y. Rubinstein},
    title = {A tutorial on the cross-entropy method},
    journal = {ANNALS OF OPERATIONS RESEARCH},
    year = {2004},
    volume = {134}
}

@inproceedings{
	calli_iros2011,
	author={B. {Calli} and M. {Wisse} and P. {Jonker}},
	booktitle={2011 IEEE/RSJ International Conference on Intelligent Robots and Systems}, 
	title={Grasping of unknown objects via curvature maximization using active vision}, 
	year={2011},
	volume={},
	number={},
	pages={995-1001},
}

@inproceedings{
	bicchi_icra2000,
  author={Antonio Bicchi and Vijay Kumar},
  booktitle={IEEE International Conference on Robotics and Automation}, 
  title={Robotic grasping and contact: a review}, 
  year={2000},
  volume={1},
  pages={348-353},
}

@inproceedings{
  blake_iccv1993,
  author={A. {Blake} and M. {Taylor} and A. {Cox}},
  booktitle={1993 (4th) International Conference on Computer Vision}, 
  title={Grasping visual symmetry}, 
  year={1993},
  pages={724-733},
}

@inproceedings{
  delonge_imeko1972,
  author={P. Delonge},
  title={Computer optimization of Deschamps’ method and error cancellation in reflectometry}, 
  booktitle={IMEKO-Symposium on Microwave Measurement},
  year={1972},
  pages={117-123},
}

@inproceedings{
  vapnik1992,
  author = {Boser, Bernhard E. and Guyon, Isabelle M. and Vapnik, Vladimir N.},
  title = {A Training Algorithm for Optimal Margin Classifiers},
  year = {1992},
  publisher = {Association for Computing Machinery},
  booktitle = {Proceedings of the Fifth Annual Workshop on Computational Learning Theory},
  pages = {144–152},
  series = {COLT '92}
}

@article{
  krizhevsky_nips2012,
  title={Imagenet classification with deep convolutional neural networks},
  author={Krizhevsky, Alex and Sutskever, Ilya and Hinton, Geoffrey E},
  booktitle={Advances in neural information processing systems},
  pages={1097--1105},
  year={2012}
}


@article{
  martens_ram2001,
  author={C. Martens and N. Ruchel and O. Lang and O. Ivlev and A. Graser}, 
  journal={IEEE Robotics and Automation Magazine}, 
  title={A FRIEND for assisting handicapped people}, 
  year={2001}, 
  volume={8}, 
  number={1}, 
  pages={57-65}
}

@article{
  kasa_tim1976,
  author={I. K{\r a}sa},
  title={A curve fitting procedure and its error analysis},
  journal={IEEE Transactions on Instrumentation and Measurement}, 
  year={1976},
  volume={IM-25},
  number={1},
  pages={8-14},
}

@article{
  uijlings_ijcv2013,
  title={Selective search for object recognition},
  author={Uijlings, Jasper RR and Van De Sande, Koen EA and Gevers, Theo and Smeulders, Arnold WM},
  journal={International journal of computer vision},
  volume={104},
  number={2},
  pages={154--171},
  year={2013},
  publisher={Springer}
}

@article{
	vahedi_ijrr2008,
	author = {Mostafa Vahedi and A. Frank van der Stappen},
	title ={Caging Polygons with Two and Three Fingers},
	journal = {The International Journal of Robotics Research},
	volume = {27},
	number = {11-12},
	pages = {1308-1324},
	year = {2008},
}

@inproceedings
{
    choi_sigacc_2008,
    title={Laser pointers and a touch screen: intuitive interfaces for autonomous mobile manipulation for the motor impaired},
    author={Choi, Young Sang and Anderson, Cressel D and Glass, Jonathan D and Kemp, Charles C},
    booktitle={Int'l ACM SIGACCESS Conf. on Computers and Accessibility},
    pages={225--232},
    year={2008}
}

@inproceedings{
  davidson_iccv1998,
  author={Colin Davidson and Andrew Blake},
  booktitle={Sixth International Conference on Computer Vision},
  title={Error-tolerant visual planning of planar grasp}, 
  year={1998},
  pages={911-916},
}

@inproceedings{
  grice_rss_ws2016,
  title={Assistive mobile manipulation: Designing for operators with motor impairments},
  author={Grice, Phillip M and Kemp, Charles C},
  booktitle={RSS 2016 Workshop on Socially and Physically Assistive Robotics for Humanity},
  year={2016}
}

@inbook{
  rokach2005,
  author="Rokach, Lior and Maimon, Oded",
  editor="Maimon, Oded and Rokach, Lior",
  title="Clustering Methods",
  bookTitle="Data Mining and Knowledge Discovery Handbook",
  year="2005",
  publisher="Springer US",
  address="Boston, MA",
  pages="321--352",
}

@incollection{
  clustering,
  title={Clustering methods},
  author={Rokach, Lior and Maimon, Oded},
  booktitle={Data mining and knowledge discovery handbook},
  pages={321--352},
  year={2005},
  publisher={Springer}
}


@article{
  pathirage_aim2013,
  title={A vision based P300 Brain Computer Interface for grasping using a wheelchair-mounted robotic arm},
  author={Indika Pathirage and Karan Khokar and Elijah Klay and Redwan Alqasemi and Rajiv V. Dubey},
  journal={IEEE/ASME International Conference on Advanced Intelligent Mechatronics},
  year={2013},
  pages={188-193}
}

@article
{
    FordFulkerson1954,
    author = {Ford, L. R. and Fulkerson, D. R.},
    journal = {Canadian Journal of Mathematics},
    pages = {399--404},
    title = {Maximal Flow through a Network},
    volume = {8},
    year = {1954}
}

@inproceedings{
  jain_icra2016,
  title={Grasp detection for assistive robotic manipulation},
  author={Jain, Siddarth and Argall, Brenna},
  booktitle={2016 IEEE International Conference on Robotics and Automation (ICRA)},
  pages={2015--2021},
  year={2016},
}

@inproceedings{
  achic_ws2016,
  author={F. Achic and J. Montero and C. Penaloza and F. Cuellar},
  booktitle={2016 IEEE Workshop on Advanced Robotics and its Social Impacts (ARSO)},
  title={Hybrid BCI system to operate an electric wheelchair and a robotic arm
         for navigation and manipulation tasks},
  year={2016},
  volume={},
  number={},
  pages={249-254},
}

@inproceedings{
  klank_humanoids2009,
  title={Real-time cad model matching for mobile manipulation and grasping},
  author={Klank, Ulrich and Pangercic, Dejan and Rusu, Radu Bogdan and Beetz, Michael},
  booktitle={2009 9th IEEE-RAS International Conference on Humanoid Robots},
  pages={290--296},
  year={2009},
}

@article
{
    Rosenblatt1956,
    author = "Rosenblatt, Murray",
    journal = "The Annals of Mathematical Statistics",
    month = "09",
    number = "3",
    pages = "832--837",
    publisher = "The Institute of Mathematical Statistics",
    title = "Remarks on Some Nonparametric Estimates of a Density Function",
    volume = "27",
    year = "1956"
}

@article
{
    Maron1961,
    author = {Maron, M. E.},
    title = {Automatic Indexing: An Experimental Inquiry},
    journal = {J. ACM},
    volume = {8},
    number = {3},
    year = {1961},
    pages = {404--417},
    numpages = {14}
}

@article{
    Parzen1962,
    author = "Parzen, Emanuel",
    doi = "10.1214/aoms/1177704472",
    journal = "The Annals of Mathematical Statistics",
    month = "09",
    number = "3",
    pages = "1065--1076",
    publisher = "The Institute of Mathematical Statistics",
    title = "On Estimation of a Probability Density Function and Mode",
    volume = "33",
    year = "1962"
}

@article
{
    Nemhauser1978,
    author="Nemhauser, G. L. and Wolsey, L. A. and Fisher, M. L.",
    title="An analysis of approximations for maximizing submodular set functions---I",
    journal="Mathematical Programming",
    year="1978",
    volume="14",
    number="1",
    pages="265--294"
}


@article
{
    Geman1984,
    author={S. Geman and D. Geman},
    journal={IEEE Transactions on Pattern Analysis and Machine Intelligence},
    title={Stochastic Relaxation, Gibbs Distributions, and the Bayesian Restoration of Images},
    year={1984},
    volume={PAMI-6},
    number={6},
    pages={721-741},
    ISSN={0162-8828},
    month={Nov}
}

@article{
    nguyen_ijrr1988,
    title={Constructing force-closure grasps},
    author={Nguyen, Van-Duc},
    journal={The International Journal of Robotics Research},
    volume={7},
    number={3},
    pages={3--16},
    year={1988},
}


@article{Givan2003,
  author    = {Robert Givan and
               Thomas L. Dean and
               Matthew Greig},
  title     = {Equivalence notions and model minimization in Markov decision processes},
  journal   = {Artif. Intell.},
  volume    = {147},
  number    = {1-2},
  pages     = {163--223},
  year      = {2003},
}

@article
{
    miller_ram2004,
    author={A. T. Miller and P. K. Allen},
    journal={IEEE Robotics Automation Magazine},
    title={Graspit! A versatile simulator for robotic grasping},
    year={2004},
    volume={11},
    number={4},
    pages={110-122},
}

@article{
    saxena_ijrr2008,
    author = 	 {Saxena, A. and Driemeyer, J. and Ng, A.},
      title = 	 {Robotic grasping of novel objects using vision},
      journal = 	 {International Journal of Robotics Research},
      year = 	 {2008},
      volume = 	 {27},
      number = 	 {4},
      pages={157--173},
}

@article{
    ciocarlie_ijrr2009,
    author = {Matei T. Ciocarlie and Peter K. Allen},
    title ={Hand Posture Subspaces for Dexterous Robotic Grasping},
    journal = {The International Journal of Robotics Research},
    volume = {28},
    number = {7},
    pages = {851-867},
    year = {2009}
}

@article
{
    brault2012americans,
    title={Americans with disabilities: 2010},
    author={Brault, Matthew W.},
    journal={Current population reports},
    volume={7},
    pages={0--131},
    year={2012}
}

@article
{
    goldfeder_ar2011,
    author="Goldfeder, Corey and Allen, Peter K.",
    title="Data-driven grasping",
    journal="Autonomous Robots",
    year="2011",
    month="Jul",
    day="01",
    volume="31",
    number="1",
    pages="1--20",
}

@article{
    chitta_ram2012,
    author = 	 {Chitta, S. and Jones, E. and Ciocarlie, M. and Hsiao, K.},
    title = 	 {Perception, Planning, and Execution for Mobile Manipulation in Unstructured Environments},
    journal = 	 {IEEE Robotics and Automation Magazine},
    year = 	 {2012},
    volume = 	 {19},
    number = 	 {2},
    pages = 	 {58-71}
}

@article{
    bohg_tro2014,
    author={J. Bohg and A. Morales and T. Asfour and D. Kragic},
    journal={IEEE Transactions on Robotics},
    title={Data-Driven Grasp Synthesis A Survey},
    year={2014},
    volume={30},
    number={2},
    pages={289-309},
    month={April}
}

@article
{
    Dang2014,
    author = {Dang, Hao and Allen, Peter K.},
    title = {Semantic Grasping: Planning Task-specific Stable Robotic Grasps},
    journal = {Auton. Robots},
    volume = {37},
    number = {3},
    month = oct,
    year = {2014},
    pages = {301--316},
    numpages = {16},
}

@article{
  fischler_acm1981,
  author = {Fischler, Martin A. and Bolles, Robert C.},
  title = {Random Sample Consensus: A Paradigm for Model Fitting with Applications to Image Analysis and Automated Cartography},
  year = {1981},
  publisher = {Association for Computing Machinery},
  address = {New York, NY, USA},
  volume = {24},
  number = {6},
  journal = {Commun. ACM},
  pages = {381–395}
}

@article{
    kahler2015,
    title={Very high frame rate volumetric integration of depth images on mobile devices},
    author={K{\"a}hler, Olaf and Prisacariu, Victor Adrian and Ren, Carl Yuheng and Sun, Xin and Torr, Philip and Murray, David},
    journal={IEEE Transactions on Visualization and Computer Graphics},
    volume={21},
    number={11},
    pages={1241--1250},
    year={2015},
}

@article{
    lenz_ijrr2015,
    title={Deep learning for detecting robotic grasps},
    author={Lenz, Ian and Lee, Honglak and Saxena, Ashutosh},
    journal={The International Journal of Robotics Research},
    volume={34},
    number={4-5},
    pages={705--724},
    year={2015},
    publisher={SAGE Publications}
}

@article{
    levine_ijrr2018,
    author = {Sergey Levine and Peter Pastor and Alex Krizhevsky and Julian
              Ibarz and Deirdre Quillen},
    title ={Learning hand-eye coordination for robotic grasping with deep
            learning and large-scale data collection},
    journal = {Int. J. Robot. Res.},
    volume = {37},
    number = {4-5},
    pages = {421-436},
    year = {2018}
}

@article{
    kanoulas_ijhr2017,
    author = {Kanoulas, Dimitrios and Lee, Jinoh and Caldwell, Darwin G. and Tsagarakis, Nikos G.},
    title = {Visual Grasp Affordance Localization in Point Clouds Using Curved Contact Patches},
    journal = {International Journal of Humanoid Robotics},
    volume = {14},
    number = {01},
    pages = {1650028},
    year = {2017},
}

@article
{
    Guo2017,
    author="Guo, Yanming and Liu, Yu and Bakker, Erwin M. and Guo, Yuanhao and Lew, Michael S.",
    title="CNN-RNN: a large-scale hierarchical image classification framework",
    journal="Multimedia Tools and Applications",
    year="2017"
}

@article{
    huang_arxiv2018,
    author    = {Jingwei Huang and
               Hao Su and
               Leonidas J. Guibas},
    title     = {Robust Watertight Manifold Surface Generation Method for ShapeNet
               Models},
    journal   = {CoRR},
    volume    = {abs/1802.01698},
    year      = {2018},
    url       = {http://arxiv.org/abs/1802.01698},
    archivePrefix = {arXiv},
    eprint    = {1802.01698},
}

@article
{
    tenpas_ijrr2017,
    author = {Andreas ten Pas and Marcus Gualtieri and Kate Saenko and Robert Platt},
    title = {Grasp Pose Detection in Point Clouds},
    journal = {The International Journal of Robotics Research},
    volume = {36},
    number = {13-14},
    pages = {1455-1473},
    year = {2017},
}

@article{satish_ram2019,
  author={V. {Satish} and J. {Mahler} and K. {Goldberg}},
  journal={IEEE Robotics and Automation Letters}, 
  title={On-Policy Dataset Synthesis for Learning Robot Grasping Policies Using
         Fully Convolutional Deep Networks},
  year={2019},
  volume={4},
  number={2},
  pages={1357-1364},
}

@article
{
    Shelhamer2017,
    author = {Shelhamer, Evan and Long, Jonathan and Darrell, Trevor},
    title = {Fully Convolutional Networks for Semantic Segmentation},
    journal = {IEEE Trans. Pattern Anal. Mach. Intell.},
    volume = {39},
    number = {4},
    pages = {640--651},
    year = {2017},
}

@article{
    taubin_tpami1991,
    author={G. {Taubin}},
    journal={IEEE Transactions on Pattern Analysis and Machine Intelligence}, 
    title={Estimation of planar curves, surfaces, and nonplanar space curves defined by implicit equations with applications to edge and range image segmentation}, 
    year={1991},
    volume={13},
    number={11},
    pages={1115-1138},
}

@article{
    lei_arxiv2018,
    author    = {Huan Lei and Naveed Akhtar and Ajmal Mian},
    title     = {Spherical Convolutional Neural Network for 3D Point Clouds},
    journal   = {CoRR},
    volume    = {abs/1805.07872},
    year      = {2018},
}

@article{
    asif_arxiv2018,
    author    = {Umar Asif and
                   Jianbin Tang and
                   Stefan Harrer},
    title     = {Densely Supervised Grasp Detector {(DSGD)}},
    journal   = {CoRR},
    volume    = {abs/1810.03962},
    year      = {2018}
}

@article{
    mevsko2013laser,
    title = {Laser spot detection},
    author = {Me{\v{s}}ko, Matej and Toth, {\v{S}}tefan},
    journal = {Journal of Information, Control and Management Systems},
    year = {2013}
}

@article
{
    lu_ram2020,
    author={Q. {Lu} and M. {Van der Merwe} and B. {Sundaralingam} and T. {Hermans}},
    journal=IEEE_M_RA, 
    title={Multifingered Grasp Planning via Inference in Deep Neural Networks:
         Outperforming Sampling by Learning Differentiable Models}, 
    year={2020},
    volume={27},
    number={2},
    pages={55-65},
}

@article{
    pham_tro2018,
    author={H. {Pham} and Q. {Pham}},
    journal=IEEE_J_RA,
    title={A New Approach to Time-Optimal Path Parameterization Based on Reachability Analysis},
    year={2018},
    volume={34},
    number={3},
    pages={645-659},
}

@article{
    prisacariu2014framework,
    title={A framework for the volumetric integration of depth images},
    author={Prisacariu, Victor Adrian and K{\"a}hler, Olaf and Cheng, Ming Ming and Ren, Carl Yuheng and Valentin, Julien and Torr, Philip HS and Reid, Ian D and Murray, David W},
    journal={arXiv preprint arXiv:1410.0925},
    year={2014}
}

@article{
    schulman_ijrr2014,
    author = {John Schulman and Yan Duan and Jonathan Ho and Alex Lee and
              Ibrahim Awwal and Henry Bradlow and Jia Pan and Sachin Patil and
              Ken Goldberg and Pieter Abbeel},
    title ={Motion planning with sequential convex optimization and convex
            collision checking},
    journal = {Int. J. Robot. Res.},
    volume = {33},
    number = {9},
    pages = {1251--1270},
    year = {2014}
}

@inproceedings{
    wang_isrr2019,
    author    = {Dian Wang and
               Colin Kohler and
               Andreas ten Pas and
               Maozhi Liu and
               Holly A. Yanco and
               Robert Platt},
    title     = {A Scooter-Mounted Robot Arm to Assist with Activities of Daily Life},
    booktitle = {International Symposium on Robotics Research},
    year      = {2019},
}

@article{
    wu_ar2020,
    author = {Wu, Bohan and Akinola, Iretiayo and Gupta, Abhi and Xu, Feng and
              Varley, Jacob and Watkins-Valls, David and Allen, Peter},
    year = {2020},
    pages = {},
    title = {Generative Attention Learning: a “GenerAL” framework for
             high-performance multi-fingered grasping in clutter},
    journal = {Autonomous Robots},
}

@article{
    zhang_arxiv2018,
    author    = {Hanbo Zhang and
               Xuguang Lan and
               Lipeng Wan and
               Chenjie Yang and
               Xinwen Zhou and
               Nanning Zheng},
    title     = {{RPRG:} Toward Real-time Robotic Perception, Reasoning and Grasping
               with One Multi-task Convolutional Neural Network},
    journal   = {CoRR},
    volume    = {abs/1809.07081},
    year      = {2018},
}

@article{
    zhou_arxiv2018,
    title={Open3D: A modern library for 3D data processing},
    author={Zhou, Qian-Yi and Park, Jaesik and Koltun, Vladlen},
    journal={arXiv preprint arXiv:1801.09847},
    year={2018}
}

@article{
  jain_ar2010,
  title={EL-E: an assistive mobile manipulator that autonomously fetches objects from flat surfaces},
  author={Jain, Advait and Kemp, Charles C},
  journal={Autonomous Robots},
  volume={28},
  number={1},
  pages={45},
  year={2010},
  publisher={Springer}
}

@article{
  chin_compsurvs1986,
  title={Model-based recognition in robot vision},
  author={Chin, Roland T and Dyer, Charles R},
  journal={ACM Computing Surveys (CSUR)},
  volume={18},
  number={1},
  pages={67--108},
  year={1986},
  publisher={ACM New York, NY, USA}
}


@book
{
    Spitzer1971,
    title={Random fields and interacting particle systems: notes on lectures given at the 1971 MAA Summer Seminar, Williams College, Williamstown, Massachusetts},
    author={Spitzer, F. and Mathematical Association of America},
    year={1971},
    publisher={Mathematical Association of America}
}

@book
{
    Preston1977,
    title={Gibbs states on countable sets},
    author={Preston, C.J.},
    publisher={Cambridge University Press},
    year={1977}
}

@book
{
    sastri1994,
    title       = {A mathematical introduction to robotic manipulation},
    author      = {Richard M. Murray and S. Shankar Sastry and Li Zexiang},
    publisher   = {CRC Press},
    year        = {1994}
}

@book{
    Bishop2006,
    author = {Bishop, Christopher M.},
    title = {Pattern Recognition and Machine Learning},
    year = {2006},
    publisher = {Springer-Verlag},
}

@book{
  gibson_1979,
  author = {James J. Gibson},
  title = {The Ecological Approach to Visual Perception},
  year = {1979},
  publisher = {Houghton Mifflin Harcourt},
}

@book{
  hartley_2003,
  author = {Hartley, Richard and Zisserman, Andrew},
  title = {Multiple View Geometry in Computer Vision},
  year = {2003},
  publisher = {Cambridge University Press},
}

@book{
  norman_1988,
  author = {Donald A. Norman},
  title = {The Design of Everyday Things},
  year = {1988},
  publisher = {Doubleday},
}


@electronic{
    matl_github2019,
    author = {Matthew Matl},
    title         = {Pyrender},
    url           = {https://github.com/mmatl/pyrender},
    year          = {2019}
}


@inproceedings{
    balasubramanian_icra2010,
    author={Ravi Balasubramanian and Ling Xu and Peter D. Brook and Joshua R. Smith and Yoky Matsuoka},
    booktitle={2010 IEEE International Conference on Robotics and Automation}, 
    title={Human-guided grasp measures improve grasp robustness on physical robot}, 
    year={2010},
    volume={},
    number={},
    pages={2294-2301},
}

@inproceedings{
  vahrenkamp_humanoids2008,
  author={Vahrenkamp, Nikolaus and Wieland, Steven and Azad, Pedram and
          Gonzalez, David and Asfour, Tamim and Dillmann, Rudiger},
  booktitle={Humanoids 2008 - 8th IEEE-RAS International Conference on Humanoid Robots}, 
  title={Visual servoing for humanoid grasping and manipulation tasks}, 
  year={2008},
  pages={406-412}
}

@inproceedings{
  bay_eccv2006,
  author="Bay, Herbert and Tuytelaars, Tinne and Van Gool, Luc",
  title="SURF: Speeded Up Robust Features",
  booktitle="Computer Vision -- ECCV 2006",
  year="2006",
  publisher="Springer Berlin Heidelberg",
  pages="404--417",
}

@inproceedings{
  harris_avc1988,
  author = {Chris Harris and Mike Stephens},
  title = {A combined corner and edge detector},
  booktitle = {In Proc. of Fourth Alvey Vision Conference},
  year = {1988},
  pages = {147--151}
}

@inproceedings{
  lowe_iccv1999,
  author={Lowe, D.G.},
  booktitle={Proceedings of the Seventh IEEE International Conference on Computer Vision}, 
  title={Object recognition from local scale-invariant features}, 
  year={1999},
  volume={2},
  pages={1150-1157},
}

@inproceedings{
    besl1992method,
    title={Method for registration of 3-D shapes},
    author={Besl, Paul J and McKay, Neil D},
    booktitle={IEEE Transactions on Pattern Analysis and Machine Intelligence},
    pages={239--256},
    year={1992},
    organization={IEEE}
}

@inproceedings
{
    brook_icra2011,
    author = {Peter Brook and Matei Ciocarlie and Kaijen Hsiao},
    booktitle = {2011 IEEE International Conference on Robotics and Automation}, 
    title = {Collaborative grasp planning with multiple object representations}, 
    year = {2011},
    volume = {},
    number = {},
    pages = {2851-2858}
}

@inproceedings{
    chang_icra2012,
    author = {Lillian Chang and Joshua R. Smith and Dieter Fox},
    title = {Interactive singulation of objects from a pile},
    booktitle = {International Conference on Robotics and Automation (ICRA},
    year = {2012}
}

@inproceedings{
    dalal_cvpr2005,
  author={N. {Dalal} and B. {Triggs}},
  booktitle={2005 IEEE Computer Society Conference on Computer Vision and Pattern Recognition (CVPR'05)}, 
  title={Histograms of oriented gradients for human detection}, 
  year={2005},
  volume={1},
  number={},
  pages={886-893},
}

@inproceedings
{
    Fikes1971,
 author = {Fikes, Richard E. and Nilsson, Nils J.},
 title = {STRIPS: A New Approach to the Application of Theorem Proving to Problem Solving},
 booktitle = {Proceedings of the 2Nd International Joint Conference on Artificial Intelligence},
 series = {IJCAI'71},
 year = {1971},
 pages = {608--620},
 numpages = {13},
}

@inproceedings
{
    jia_icm_2014,
    author = {Jia, Yangqing and Shelhamer, Evan and Donahue, Jeff and Karayev, Sergey and Long, Jonathan and Girshick, Ross and Guadarrama, Sergio and Darrell, Trevor},
    biburl = {https://www.bibsonomy.org/bibtex/2e92d05a64c6e8227c20278aed9ed0916/chwick},
    booktitle = {Proceedings of the 22Nd ACM International Conference on Multimedia},
    description = {Caffe},
    pages = {675--678},
    publisher = {ACM},
    series = {MM '14},
    title = {Caffe: Convolutional Architecture for Fast Feature Embedding},
    year = {2014}
}


@inproceedings
{
    Karp1972,
    author    = {Richard M. Karp},
    title     = {Reducibility Among Combinatorial Problems},
    booktitle = {Complexity of Computer Computations},
    pages     = {85--103},
    year      = {1972}
}

@inproceedings
{
    kemp_hri2008,
    author = {Kemp, Charles C and Anderson, Cressel D and Nguyen, Hai and Trevor, Alexander J and Xu, Zhe},
    title = {A point-and-click interface for the real world: laser designation of objects for mobile manipulation},
    booktitle = {2008 ACM/IEEE Int'l Conf. on Human-Robot Interaction},
    pages = {241--248},
    year = {2008}
}

@inproceedings
{
    Lecun1988,
    author = {LeCun, Yann and Bottou, Léon and Bengio, Yoshua and Haffner, Patrick},
    booktitle = {Proceedings of the IEEE},
    number = 11,
    volume = 86,
    pages = {2278--2324},
    timestamp = {2016-07-12T19:25:30.000+0200},
    title = {Gradient-Based Learning Applied to Document Recognition},
    year = 1998
}

@inproceedings
{
    goldfeder_icra2009,
    author = {Goldfeder, Corey and Ciocarlie, Matei and Dang, Hao and Allen, Peter K.},
    title = {The Columbia Grasp Database},
    booktitle = {Proceedings of the 2009 IEEE International Conference on Robotics and Automation},
    year = {2009},
    pages = {3343--3349},
}

@inproceedings
{
    fischinger_iros2012,
    title={Empty the basket-a shape based learning approach for grasping piles of unknown objects},
    author={Fischinger, David and Vincze, Markus},
    booktitle={Intelligent Robots and Systems (IROS), 2012 IEEE/RSJ International Conference on},
    pages={2051--2057},
    year={2012},
    organization={IEEE}
}

@inproceedings{
    gualtieri_corl2018,
    author    = {Marcus Gualtieri and
               Robert Platt Jr.},
    title     = {Learning 6-DoF Grasping and Pick-Place Using Attention Focus},
    booktitle = {2nd Annual Conf. on Robot Learning, CoRL 2018, Z{\"{u}}rich,
               Switzerland, 29-31 October 2018, Proceedings},
    series    = {Proc. of Machine Learning Research},
    volume    = {87},
    pages     = {477--486},
    publisher = {{PMLR}},
    year      = {2018}
}

@inproceedings
{
    herzog_icra2012,
    author = 	 {Herzog, A. and Pastor, P. and Kalakrishnan, M. and Righetti, L. and Asfour, T. and Schaal, S.},
    title = 	 {Template-Based Learning of Grasp Selection},
    booktitle = {IEEE Int'l Conf. on Robotics and Automation (ICRA)},
    pages = {2379--2384},
    year = 	 {2012}
}

@inproceedings
{
    jiang_icra2011,
    author = 	 {Jiang, Y. and Moseson, S. and Saxena, A.},
    title = 	 {Efficient Grasping from {RGBD} Images: Learning using a new Rectangle Representation},
    booktitle = {IEEE Int'l Conference on Robotics and Automation},
    pages={3304--3311},
    year = 	 {2011}
}

@inproceedings{
    katz_icra2013,
    author={D. {Katz} and M. {Kazemi} and J. A. {Bagnell} and A. {Stentz}},
    booktitle={2013 IEEE International Conference on Robotics and Automation}, 
    title={Clearing a pile of unknown objects using interactive perception}, 
    year={2013},
    volume={},
    number={},
    pages={154-161}
}

@inproceedings{
    kroemer_icra2012,
    title={A kernel-based approach to direct action perception},
    author={Kroemer, Oliver and Ugur, Emre and Oztop, Erhan and Peters, Jan},
    booktitle={Robotics and Automation (ICRA), 2012 IEEE International Conference on},
    pages={2605--2610},
    year={2012},
    organization={IEEE}
}

@inproceedings{
    liang_icra2019,
    author = {Liang, Hongzhuo and Ma, Xiaojian and Li, Shuang and G{\"o}rner,
              Michael and Tang, Song and Fang, Bin and Sun, Fuchun and Zhang,
              Jianwei},
    title = {PointNetGPD: Detecting Grasp Configurations from Point Sets},
    booktitle={IEEE Int. Conf. on Robotics and Automation (ICRA)},
    year={2019}
}

@inproceedings{
    lenz_rss2013,
    author = {Ian Lenz and Honglak Lee and Ashutosh Saxena},
    title = {Deep Learning for Detecting Robotic Grasps},
    booktitle = {Robotics: Science and Systems},
    year = {2013}
}

@inproceedings{
    liu_eccv2016,
    author = {Wei Liu and Dragomir Anguelov and Dumitru Erhan and Christian
              Szegedy and Scott E. Reed and Cheng{-}Yang Fu and Alexander C.
              Berg},
    title  = {{SSD:} Single Shot MultiBox Detector},
    booktitle = {ECCV},
    volume    = {9905},
    pages     = {21--37},
    year      = {2016}
}

@inproceedings{
    schulman_rss2013,
    title={Finding Locally Optimal, Collision-Free Trajectories with Sequential Convex Optimization},
    author={Schulman, John and Ho, Jonathan and Lee, Alex and Awwal, Ibrahim and Bradlow, Henry and Abbeel, Pieter},
    booktitle={Robotics: Science and Systems},
    pages={1--10},
    year={2013},
}

@inproceedings
{
    wohlkinger_icra2012,
    author={W. Wohlkinger and A. Aldoma and R. B. Rusu and M. Vincze},
    booktitle={2012 IEEE International Conference on Robotics and Automation},
    title={3DNet: Large-scale object class recognition from CAD models},
    year={2012},
    pages={5384-5391},
}


@inproceedings{
    detry_icra2013,
	Author = {Renaud Detry and Carl Henrik Ek and Marianna Madry and Danica Kragic},
	Booktitle = {{IEEE} International Conference on Robotics and Automation (ICRA)},
	Title = {Learning a Dictionary of Prototypical Grasp-predicting Parts from Grasping Experience},
	Year = {2013},
	pages = {601-608}
}

@inproceedings{
    fischinger_icra2013,
    title={Learning grasps for unknown objects in cluttered scenes},
    author={Fischinger, David and Vincze, Markus and Jiang, Yun},
    booktitle={Robotics and Automation (ICRA), 2013 IEEE International Conference on},
    pages={609--616},
    year={2013},
    organization={IEEE}
}

@inproceedings{
    glover_iros2013,
    author = 	 {Glover, J. and Popovic, S.},
    title = 	 {Bingham Procrustean Alignment for Object Detection in Clutter},
    booktitle = {IEEE Int'l Conf. on Intelligent Robot Systems},
    pages={2158--2165},
    year = 	 {2013}
}

@inproceedings{
    girshick_cvpr2014,
    author = {Girshick, Ross and Donahue, Jeff and Darrell, Trevor and Malik, Jitendra},
    title = {Rich Feature Hierarchies for Accurate Object Detection and Semantic Segmentation},
    booktitle = {Proceedings of the 2014 IEEE Conference on Computer Vision and Pattern Recognition},
    year = {2014},
    pages = {580--587}
}

@inproceedings{
    kalashnikov_corl2018,
    title = {Scalable Deep Reinforcement Learning for Vision-Based Robotic
             Manipulation},
    author = {Kalashnikov, Dmitry and Irpan, Alex and Pastor, Peter and Ibarz,
            Julian and Herzog, Alexander and Jang, Eric and Quillen, Deirdre and
            Holly, Ethan and Kalakrishnan, Mrinal and Vanhoucke, Vincent and
            Levine, Sergey},
    booktitle = {Proc. of The 2nd Conf. on Robot Learning},
    pages = {651--673},
    year = {2018},
    volume = {87}
}

@inproceedings{
    kopicki_icra2014,
	Author = {Marek Kopicki and Renaud Detry and Florian Schmidt and Christoph Borst and Rustam Stolkin and Jeremy L. Wyatt},
	Booktitle = {{IEEE} International Conference on Robotics and Automation (ICRA)},
	Title = {Learning dextrous grasps that generalise to novel objects by combining hand and contact models},
    pages={5358--5365},
    Year = {2014}
}

@inproceedings{
    mahler_rss2017,
    title = {Dex-Net 2.0: Deep Learning to Plan Robust Grasps with Synthetic
             Point Clouds and Analytic Grasp Metrics},
    author = {Mahler, Jeffrey and Liang, Jacky and Niyaz, Sherdil and Laskey,
              Michael and Doan, Richard and Liu, Xinyu and Ojea, Juan Aparicio
              and Goldberg, Ken},
    booktitle = {Robotics: Science and Systems (RSS)},
    year={2017}
}

@INPROCEEDINGS{
	pokorny_iros2013,
  author={Florian T. Pokorny and Danica Kragic},
  booktitle={2013 IEEE/RSJ International Conference on Intelligent Robots and Systems}, 
  title={Classical grasp quality evaluation: New algorithms and theory}, 
  year={2013},
  pages={3493-3500},
}

@inproceedings{
  liu_case2015,
  author={Shuo Liu and Stefano Carpin},
  booktitle={2015 IEEE International Conference on Automation Science and Engineering (CASE)}, 
  title={A fast algorithm for grasp quality evaluation using the object wrench space}, 
  year={2015},
  pages={558-563},
}

@inproceedings{
  zheng_icra2017,
  author={Yu Zheng},
  booktitle={2017 IEEE International Conference on Robotics and Automation (ICRA)}, 
  title={Computing the best grasp in a discrete point set}, 
  year={2017},
  pages={2208-2214},
}

@inproceedings{
    Singh2014,
    author={A. Singh and J. Sha and K. S. Narayan and T. Achim and P. Abbeel},
    booktitle={2014 IEEE International Conference on Robotics and Automation (ICRA)},
    title={BigBIRD: A large-scale 3D database of object instances},
    year={2014},
    pages={509-516},
}

@inproceedings{
    tenpas_iser2014,
    author = 	 {ten Pas, A. and Platt, R.},
    title = 	 {Localizing Handle-like Grasp Affordances in 3D Point Clouds},
    booktitle = {Int'l Symposium on Experimental Robotics},
    pages = 	 {266-271},
    year = 	 {2014}
}

@inproceedings{
    girshick_iccv2015,
    author = {Girshick, Ross},
    title = {Fast R-CNN},
    booktitle = {Proceedings of the 2015 IEEE International Conference on Computer Vision (ICCV)},
    year = {2015},
    pages = {1440--1448},
}

@inproceedings{
  kehoe_icra2013,
  author={Kehoe, Ben and Matsukawa, Akihiro and Candido, Sal and Kuffner, James and Goldberg, Ken},
  booktitle={2013 IEEE International Conference on Robotics and Automation}, 
  title={Cloud-based robot grasping with the google object recognition engine}, 
  year={2013},
  pages={4263-4270},
}

@inproceedings{
    maturana_iros2015,
    author={D. Maturana and S. Scherer},
    booktitle={2015 IEEE/RSJ International Conference on Intelligent Robots and Systems (IROS)},
    title={VoxNet: A 3D Convolutional Neural Network for real-time object recognition},
    year={2015},
    pages={922-928},
}

@inproceedings{
    mousavian_iccv2019,
    author        = {Mousavian, Arsalan and Eppner, Clemens and Fox, Dieter},
    title         = {6-DOF GraspNet: Variational Grasp Generation for Object
                   Manipulation},
    booktitle     = {Proc. of the 2019 IEEE Int. Conf. on
                   Computer Vision (ICCV)},
    month         = oct,
    year          = {2019},
    pages         = {2901-2910}
}

@inproceedings{
    murali_icra2020,
    title = {6-DOF Grasping for Target-driven Object Manipulation in Clutter},
    author = {Adithyavairavan Murali, Arsalan Mousavian and Clemens Eppner and Chris Paxton and Dieter Fox},
    booktitle = {Int. Conf. on Robotics and Automation (ICRA)},
    year = {2020}
}

@inproceedings{
    qi_nips0217,
    author = {Qi, Charles R. and Yi, Li and Su, Hao and Guibas, Leonidas J.},
    title = {PointNet++: Deep Hierarchical Feature Learning on Point Sets in a
             Metric Space},
    booktitle = {Proc. of the 31st Int. Conf. on Neural
                 Information Processing Systems},
    month = dec,
    year = {2017},
    pages = {5105–5114},
}

@inproceedings{
    qin_corl2019,
    author = {Qin, Yuzhe and Chen, Rui and Zhu, Bernie and Song, Meng and Xu, Jing and Su, Hao},
    title = {S4G: Amodal Single-view Single-Shot SE(3) Grasp Detection in
             Cluttered Scenes},
    booktitle = {Conf. on Robot Learning},
    month = {10},
    year = {2019},
    pages = {}
}

@inproceedings{
    rusu_icra2011,
    author={R.B. Rusu and S. Cousins},
    booktitle={2011 IEEE International Conference on Robotics and Automation}, 
    title={3D is here: Point Cloud Library (PCL)}, 
    year={2011},
    volume={},
    number={},
    pages={1-4},
}

@inproceedings{
    shaoqing_nips2015,
    title = {Faster R-CNN: Towards Real-Time Object Detection with Region Proposal Networks},
    author = {Ren, Shaoqing and He, Kaiming and Girshick, Ross and Sun, Jian},
    booktitle = {Advances in Neural Information Processing Systems 28},
    pages = {91--99},
    year = {2015}
}

@inproceedings{
  collet_icra2009,
  author={Collet, Alvaro and Berenson, Dmitry and Srinivasa, Siddhartha S. and Ferguson, Dave},
  booktitle={2009 IEEE International Conference on Robotics and Automation}, 
  title={Object recognition and full pose registration from a single image for robotic manipulation},
  year={2009},
  pages={48-55},
}

@inproceedings{
    kappler_icra2015,
    title={Leveraging big data for grasp planning},
    author={Kappler, Daniel and Bohg, Jeannette and Schaal, Stefan},
    booktitle={Robotics and Automation (ICRA), 2015 IEEE International Conference on},
    pages={4304--4311},
    year={2015},
    organization={IEEE}
}

@inproceedings{
    koenig_iros2004,
    author = "Nathan Koenig and Andrew Howard",
    title = "Design and Use Paradigms for Gazebo, An Open-Source Multi-Robot Simulator",
    booktitle = "IEEE/RSJ International Conference on Intelligent Robots and Systems (IROS)",
    pages = "2149--2154",
    address = "Sendai, Japan",
    year = "2004",
}

@inproceedings{
    redmon_icra2015,
    title={Real-time grasp detection using convolutional neural networks},
    author={Redmon, Joseph and Angelova, Anelia},
    booktitle={Robotics and Automation (ICRA), 2015 IEEE International Conference on},
    pages={1316--1322},
    year={2015},
    organization={IEEE}
}

@INPROCEEDINGS{
    Sener2015,
    author={O. Sener and A. R. Zamir and S. Savarese and A. Saxena},
    booktitle={IEEE International Conference on Computer Vision (ICCV)},
    title={Unsupervised Semantic Parsing of Video Collections},
    year={2015},
    pages={4480-4488}
}

@inproceedings{
    tenpas_isrr2015,
    title={Using Geometry to Detect Grasp Poses in 3D Point Clouds},
    author={ten Pas, A. and Platt, R.},
    booktitle={Proceedings of the International Symposium on Robotics Research},
    year={2015},
}

@inproceedings{
    gualtieri_iros2016,
    title={High precision grasp pose detection in dense clutter},
    author={Marcus Gualtieri and Andreas ten Pas and Kate Saenko and Robert Platt},
    booktitle={IEEE Int'l Conf. on Intelligent Robots and Systems},
    year={2016}
}

@inproceedings
{
    Detry2017,
	Author = {Renaud Detry and Jeremie Papon and Larry Matthies},
	Booktitle = {{IEEE/RSJ} International Conference on Intelligent Robots and Systems},
	Title = {Task-oriented Grasping with Semantic and Geometric Scene Understanding},
	Year = {2017},
}

@inproceedings{
    klingbeil_icra2011,
    author={E. {Klingbeil} and D. {Rao} and B. {Carpenter} and V. {Ganapathi} and A. Y. {Ng} and O. {Khatib}},
    booktitle={2011 IEEE International Conference on Robotics and Automation}, 
    title={Grasping with application to an autonomous checkout robot}, 
    year={2011},
    volume={},
    number={},
    pages={2837-2844},
}


@inproceedings{
    klokov_iccv2017,
    title={Escape from cells: Deep kd-networks for the recognition of 3d point cloud models},
    author={Klokov, Roman and Lempitsky, Victor},
    booktitle={Computer Vision (ICCV), 2017 IEEE International Conference on},
    pages={863--872},
    year={2017},
}

@inproceedings
{
    kokic_humanoids2017,
    author={M. Kokic and J. A. Stork and J. A. Haustein and D. Kragic},
    booktitle={2017 IEEE-RAS 17th International Conference on Humanoid Robotics (Humanoids)},
    title={Affordance detection for task-specific grasping using deep learning},
    year={2017},
    pages={91-98},
    month={Nov},
}

@inproceedings{
    qi_nips2017,
    title = {PointNet++: Deep Hierarchical Feature Learning on Point Sets in a Metric Space},
    author = {Qi, Charles Ruizhongtai and Yi, Li and Su, Hao and Guibas, Leonidas J},
    booktitle = {Advances in Neural Information Processing Systems 30},
    pages = {5099--5108},
    year = {2017},
}

@inproceedings{
    qi_cvpr2017,
    author={Qi, Charles Ruizhongtai and H. Su and M. Kaichun and L. J. Guibas},
    booktitle={2017 IEEE Conference on Computer Vision and Pattern Recognition (CVPR)},
    title={PointNet: Deep Learning on Point Sets for 3D Classification and Segmentation},
    year={2017},
    pages={77-85},
}

@inproceedings{
    riegler_cvpr2017,
    title={Octnet: Learning deep 3d representations at high resolutions},
    author={Riegler, Gernot and Ulusoy, Ali Osman and Geiger, Andreas},
    booktitle={Proceedings of the IEEE Conference on Computer Vision and Pattern Recognition},
    volume={3},
    year={2017}
}

@inproceedings{
    simonovsky_cvpr2017,
    title={Dynamic edgeconditioned filters in convolutional neural networks on graphs},
    author={Simonovsky, Martin and Komodakis, Nikos},
    booktitle={Proceedings of the 2017 IEEE Conference on Computer Vision and Pattern Recognition},
    year={2017}
}

@inproceedings
{   
    mahler_icra2016,
    title={Dex-net 1.0: A cloud-based network of 3d objects for robust grasp planning using a multi-armed bandit model with correlated rewards},
    author={Mahler, Jeffrey and Pokorny, Florian T and Hou, Brian and Roderick, Melrose and Laskey, Michael and Aubry, Mathieu and Kohlhoff, Kai and Kr{\"o}ger, Torsten and Kuffner, James and Goldberg, Ken},
    booktitle={IEEE International Conference on Robotics and Automation (ICRA)},
    pages={1957--1964},
    year={2016},
    organization={IEEE}
}

@inproceedings{
    pinto_icra2016,
    author={L. Pinto and A. Gupta},
    booktitle={2016 IEEE International Conference on Robotics and Automation (ICRA)},
    title={Supersizing self-supervision: Learning to grasp from 50K tries and 700 robot hours},
    year={2016},
    pages={3406-3413},
}

@article{
  herzog_ar2014,
  title={Learning of grasp selection based on shape-templates},
  author={Herzog, Alexander and Pastor, Peter and Kalakrishnan, Mrinal and Righetti, Ludovic and Bohg, Jeannette and Asfour, Tamim and Schaal, Stefan},
  journal={Autonomous Robots},
  volume={36},
  number={1-2},
  pages={51--65},
  year={2014},
  publisher={Springer}
}

@inproceedings{
  alspach_robosoft2019,
  author={Alspach, Alex and Hashimoto, Kunimatsu and Kuppuswamy, Naveen and Tedrake, Russ},
  booktitle={2019 2nd IEEE International Conference on Soft Robotics (RoboSoft)}, 
  title={Soft-bubble: A highly compliant dense geometry tactile sensor for robot manipulation}, 
  year={2019},
  pages={597-604},
}

@inproceedings{
  donlon_iros2018,
  author={Donlon, Elliott and Dong, Siyuan and Liu, Melody and Li, Jianhua and Adelson, Edward and Rodriguez, Alberto},
  booktitle={2018 IEEE/RSJ International Conference on Intelligent Robots and Systems (IROS)}, 
  title={GelSlim: A High-Resolution, Compact, Robust, and Calibrated Tactile-sensing Finger}, 
  year={2018},
  pages={1927-1934}
}

@inproceedings
{
    Gualtieri2017,
    author    = {Marcus Gualtieri and
               James Kuczynski and
               Abraham M. Shultz and
               Andreas ten Pas and
               Robert Platt Jr. and
               Holly A. Yanco},
    title     = {Open world assistive grasping using laser selection},
    booktitle = {2017 IEEE International Conference on Robotics and Automation (ICRA)},
    pages     = {4052--4057},
    year      = {2017}
}

@inproceedings{
  li_cvpr2013,
  author={Li, Rui and Adelson, Edward H.},
  booktitle={2013 IEEE Conference on Computer Vision and Pattern Recognition}, 
  title={Sensing and Recognizing Surface Textures Using a GelSight Sensor}, 
  year={2013},
  pages={1241-1247}
}

@inproceedings{
  lu_isrr2020,
  author="Lu, Qingkai and Chenna, Kautilya and Sundaralingam, Balakumar and Hermans, Tucker",
  title="Planning Multi-fingered Grasps as Probabilistic Inference in a Learned Deep Network",
  booktitle="Robotics Research",
  year="2020",
  publisher="Springer International Publishing",
  pages="455--472",
}

@inproceedings
{
    Mahler2017,
    title={Dex-Net 2.0: Deep Learning to Plan Robust Grasps with Synthetic Point Clouds and Analytic Grasp Metrics},
    author={Mahler, Jeffrey and Liang, Jacky and Niyaz, Sherdil and Laskey, Michael and Doan, Richard and Liu, Xinyu and Ojea, Juan Aparicio and Goldberg, Ken},
    booktitle={Robotics: Science and Systems (RSS)},
    year={2017}
}

@inproceedings
{
    merwe_icra2020,
    title = {Learning Continuous 3D Reconstructions for Geometrically Aware
           Grasping},
    author = {Van der Merwe, Mark and Lu, Qingkai and Sundaralingam, Balakumar and
            Matak, Martin and Hermans, Tucker},
    booktitle = {IEEE Int. Conf. on Robotics and Automation (ICRA)},
    year = {2020}
}

@inproceedings{
  pan_icra2012,
  author = {Pan, Jia and Chitta, Sachin and Manocha, Dinesh},
  booktitle = {ICRA},
  pages = {3859-3866},
  publisher = {IEEE},
  title = {FCL: A general purpose library for collision and proximity queries.},
  year = 2012
}

@inproceedings{
  varley_iros2015,
  author={Varley, Jacob and Weisz, Jonathan and Weiss, Jared and Allen, Peter},
  booktitle={2015 IEEE/RSJ International Conference on Intelligent Robots and Systems (IROS)}, 
  title={Generating multi-fingered robotic grasps via deep learning}, 
  year={2015},
  pages={4415-4420}
}

@inproceedings{
    varley_iros2017,
    author = {J. {Varley} and C. {DeChant} and A. {Richardson} and J. {Ruales}
              and P. {Allen}},
    booktitle = {2017 IEEE/RSJ Int. Conf. on Intelligent Robots
                 and Systems (IROS)},
    title = {Shape completion enabled robotic grasping},
    year = {2017},
    pages = {2442-2447}
}

@inproceedings
{
    yan_icra2018,
    author    = {Xinchen Yan and Jasmine Hsu and Mohammad Khansari and Yunfei Bai
               and Arkanath Pathak and Abhinav Gupta and James Davidson and
               Honglak Lee},
    title     = {Learning 6-DOF Grasping Interaction via Deep Geometry-Aware 3D
               Representations},
    booktitle = {2018 IEEE Int. Conf. on Robotics and Automation
               (ICRA)},
    pages     = {1--9},
    year      = {2018},
}

@inproceedings
{
    zhou_rss2017,
    title = {6DOF Grasp Planning by Optimizing a Deep Learning Scoring Function},
    author = {Zhou, Yilun and Hauser, Kris},
    booktitle={Robotics: Science and Systems (RSS) Workshop on Revisiting
             Contact-Turning a Problem into a Solution},
    year={2017},
    volume={2},
}

@incollection{
    pazke_neurips2019,
    title = {PyTorch: An Imperative Style, High-Performance Deep Learning
         Library},
    author = {Paszke, Adam and Gross, Sam and Massa, Francisco and Lerer, Adam
          and Bradbury, James and Chanan, Gregory and Killeen, Trevor and
          Lin, Zeming and Gimelshein, Natalia and Antiga, Luca and
          Desmaison, Alban and Kopf, Andreas and Yang, Edward and DeVito,
          Zachary and Raison, Martin and Tejani, Alykhan and Chilamkurthy,
          Sasank and Steiner, Benoit and Fang, Lu and Bai, Junjie and
          Chintala, Soumith},
    booktitle = {Advances in Neural Information Processing Systems 32},
    pages = {8024--8035},
    year = {2019},
    publisher = {Curran Associates, Inc.}
}


@misc{
    quigley_2009,
    author = {Morgan Quigley and Ken Conley and Brian P. Gerkey and Josh Faust
            and Tully Foote and Jeremy Leibs and Rob Wheeler and Andrew Y. Ng},
    title = {ROS: an open-source Robot Operating System},
    booktitle = {ICRA Workshop on Open Source Software},
    year = {2009},
}


@phdthesis
{
    diankov_thesis2010,
    author = "Rosen Diankov",
    title = "Automated Construction of Robotic Manipulation Programs",
    school = "Carnegie Mellon University, Robotics Institute",
    month = "August",
    year = "2010",
    number= "CMU-RI-TR-10-29"
}

@phdthesis{
    Ravindran2004,
    author = {Ravindran, Balaraman},
    title = {An Algebraic Approach to Abstraction in Reinforcement Learning},
    year = {2004},
    school = {University of Massachusetts Amherst}
} 


@techreport{
    diankov_cmu2008,
    author = {Rosen Diankov and James Kuffner},
    title = {OpenRAVE: A Planning Architecture for Autonomous Robotics},
    year = {2008},
    month = {July},
    institution = {Carnegie Mellon University},
    address = {Pittsburgh, PA},
    number = {CMU-RI-TR-08-34},
}

@techreport{
    hawkins_gt2013,
    author = {Kelsey P. Hawkins},
    title = {Analytic Inverse Kinematics for the Universal RobotsUR-5/UR-10
             Arms},
    year = {2013},
    institution = {Georgia Institute of Technology},
}

@techreport{
  ikeuchi_aim1983,
  title={Picking up an Object from a Pile of Objects.},
  author={Ikeuchi, Katsushi and Horn, Berthold KP and Nagata, Shigemi and Callahan, Tom and Feingold, Oded},
  year={1983},
  institution={MASSACHUSETTS INST OF TECH CAMBRIDGE ARTIFICIAL INTELLIGENCE LAB}
}

@online{
  kernels_matlab,
  author={MathWorks},
  title = {Train support vector machine (SVM) classifier for one-class and binary classification},
  url = {https://www.mathworks.com/help/stats/fitcsvm.html},
  urldate = {2021-05-10},
}
